<?xml version="1.0" encoding="UTF-8"?><collection xmlns="http://www.loc.gov/MARC21/slim"><record><leader>00316nam--2200121-i-4500</leader><controlfield tag="001">000031899</controlfield><controlfield tag="002">20161230</controlfield><controlfield tag="005">20161230201038</controlfield><controlfield tag="008">060222s1000------------r-----000-0-eng-d</controlfield><datafield ind1=" " ind2=" " tag="100"><subfield code="a">Masimov, G.A</subfield></datafield><datafield ind1=" " ind2=" " tag="245"><subfield code="a">Incalzire si ventilatie. trad.di l.rusa. part.ii-a</subfield></datafield><datafield ind1=" " ind2=" " tag="260"><subfield code="a">Bucuresti, Ed.Tehnica, 1958, 392p</subfield></datafield><datafield ind1=" " ind2=" " tag="852"><subfield code="a">6031</subfield></datafield></record></collection>